<?xml version="1.0" encoding="UTF-8"?>
<marc:collection xmlns:marc="http://www.loc.gov/MARC21/slim" xmlns:xsi="http://www.w3.org/2001/XMLSchema-instance" xsi:schemaLocation="http://www.loc.gov/MARC21/slim http://www.loc.gov/standards/marcxml/schema/MARC21slim.xsd">
   <marc:record type="Bibliographic">
      <marc:leader>01516cam a2200313 a 4500</marc:leader>
      <marc:controlfield tag="001">3264067</marc:controlfield>
      <marc:controlfield tag="003">NjP</marc:controlfield>
      <marc:controlfield tag="005">20150109153617.0</marc:controlfield>
      <marc:controlfield tag="008">001213s1892    tu            000 0 ara d</marc:controlfield>
      <marc:datafield tag="024" ind1="7" ind2=" ">
         <marc:subfield code="a">princeton_aco000584</marc:subfield>
         <marc:subfield code="2">local</marc:subfield>
      </marc:datafield>
      <marc:datafield tag="035" ind1=" " ind2=" ">
         <marc:subfield code="a">(OCoLC)ocn178399005</marc:subfield>
      </marc:datafield>
      <marc:datafield tag="035" ind1=" " ind2=" ">
         <marc:subfield code="a">(OCoLC)178399005</marc:subfield>
      </marc:datafield>
      <marc:datafield tag="035" ind1=" " ind2=" ">
         <marc:subfield code="a">(NjP)3264067</marc:subfield>
      </marc:datafield>
      <marc:datafield tag="040" ind1=" " ind2=" ">
         <marc:subfield code="a">NjP</marc:subfield>
         <marc:subfield code="c">PUL</marc:subfield>
         <marc:subfield code="d">PUL</marc:subfield>
      </marc:datafield>
      <marc:datafield tag="049" ind1=" " ind2=" ">
         <marc:subfield code="a">PULL</marc:subfield>
      </marc:datafield>
      <marc:datafield tag="079" ind1=" " ind2=" ">
         <marc:subfield code="a">ocm49364111</marc:subfield>
      </marc:datafield>
      <marc:datafield tag="100" ind1="1" ind2=" ">
         <marc:subfield code="6">880-01</marc:subfield>
         <marc:subfield code="a">Kalanbawī, Ismāʻīl ibn Muṣṭafá,</marc:subfield>
         <marc:subfield code="d">-1790 or 1791.</marc:subfield>
      </marc:datafield>
      <marc:datafield tag="245" ind1="1" ind2="0">
         <marc:subfield code="6">880-02</marc:subfield>
         <marc:subfield code="a">Burhān Kalanbawī :</marc:subfield>
         <marc:subfield code="b">hādhihi risālah nafīsah marghūbah wa-matn matīn maqbūlah wa-musammāh bi-al-Burhān fī al-fann al-manṭiq /</marc:subfield>
         <marc:subfield code="c">lil-ʻālim Ismāʻīl Afandī al-shahīr bi-Kalanbawī.</marc:subfield>
      </marc:datafield>
      <marc:datafield tag="260" ind1=" " ind2=" ">
         <marc:subfield code="a">Dersaadet [Istanbul] :</marc:subfield>
         <marc:subfield code="b">Matbaa-yi Osmaniye,</marc:subfield>
         <marc:subfield code="c">1310 [1892]</marc:subfield>
      </marc:datafield>
      <marc:datafield tag="300" ind1=" " ind2=" ">
         <marc:subfield code="a">104 p. ;</marc:subfield>
         <marc:subfield code="c">23 cm.</marc:subfield>
      </marc:datafield>
      <marc:datafield tag="500" ind1=" " ind2=" ">
         <marc:subfield code="a">Contains Ḥāshiyat al-Burhān.</marc:subfield>
      </marc:datafield>
      <marc:datafield tag="650" ind1=" " ind2="0">
         <marc:subfield code="a">Logic</marc:subfield>
         <marc:subfield code="v">Early works to 1800.</marc:subfield>
      </marc:datafield>
      <marc:datafield tag="730" ind1="0" ind2=" ">
         <marc:subfield code="6">880-03</marc:subfield>
         <marc:subfield code="a">Ḥāshiyat al-Burhān.</marc:subfield>
      </marc:datafield>
      <marc:datafield tag="880" ind1="1" ind2=" ">
         <marc:subfield code="6">100-01/r</marc:subfield>
         <marc:subfield code="a">كلنبوي، اسماعيل بن مصطفى،</marc:subfield>
         <marc:subfield code="d">-1790 or 1791.</marc:subfield>
      </marc:datafield>
      <marc:datafield tag="880" ind1="1" ind2="0">
         <marc:subfield code="6">245-02/r</marc:subfield>
         <marc:subfield code="a">برهان كلنبوي :</marc:subfield>
         <marc:subfield code="b">هذه رسالة نفيسة مرغوبة ومتن متين مقبولة ومسماه بالبرهان في الفن المنطق /</marc:subfield>
         <marc:subfield code="c">للعالم اسماعيل افندي الشهير بكلنبوي.</marc:subfield>
      </marc:datafield>
      <marc:datafield tag="880" ind1="0" ind2=" ">
         <marc:subfield code="6">730-03/r</marc:subfield>
         <marc:subfield code="a">حاشية البرهان.</marc:subfield>
      </marc:datafield>
      <marc:datafield tag="852" ind1="0" ind2=" ">
         <marc:subfield code="b">nec</marc:subfield>
         <marc:subfield code="h">BC66.A73</marc:subfield>
         <marc:subfield code="i">K353 1892</marc:subfield>
         <marc:subfield code="p">3589467</marc:subfield>
         <marc:subfield code="x">reclassed from: 2271.508202.K113.322 1892</marc:subfield>
      </marc:datafield>
      <marc:datafield tag="856" ind1="4" ind2=" ">
         <marc:subfield code="u">http://hdl.handle.net/2027/njp.32101077792768</marc:subfield>
      </marc:datafield>
      <marc:datafield tag="904" ind1=" " ind2=" ">
         <marc:subfield code="a">ay</marc:subfield>
         <marc:subfield code="b">a</marc:subfield>
         <marc:subfield code="h">m</marc:subfield>
         <marc:subfield code="c">b</marc:subfield>
         <marc:subfield code="e">20001213</marc:subfield>
      </marc:datafield>
      <marc:datafield tag="994" ind1=" " ind2=" ">
         <marc:subfield code="a">C0</marc:subfield>
         <marc:subfield code="b">PUL</marc:subfield>
      </marc:datafield>
      <marc:datafield tag="999" ind1=" " ind2=" ">
         <marc:subfield code="a">3264067</marc:subfield>
      </marc:datafield>
   </marc:record>
</marc:collection>
